@Unpublished{Resolucao-MEC:2018,
  author = {MEC},
  title  = {Resolução Nº 7. Estabelece as Diretrizes para a Extensão na Educação Superior Brasileira},
  note   = {Disponível em: \url{http://portal.mec.gov.br/index.php?option=com_docman&view=download&alias=104251-rces007-18&category_slug=dezembro-2018-pdf&Itemid=30192}},
  year   = {2018},
}

@Unpublished{Resolucao-332:2021,
  author = {UNIPAMPA},
  title  = {Resolução Nº 332. Revoga a Resolução CONSUNI/UNIPAMPA nº
104, de 27 de agosto de 2015 e Institui as Normas para Atividades de Extensão e Cultura da Universidade Federal do Pampa.
},
  note   = {Disponível em: \url{https://sites.unipampa.edu.br/proext/files/2021/12/sei_unipampa-0700488-resolucao-consuni.pdf}},
  year   = {2021},
}

@Unpublished{CONSUNI-Unipampa:2021,
  author = {UNIPAMPA},
  title  = {Resolução CONSUNI/UNIPAMPA Nº317. Regulamenta a inserção das atividades de
extensão nos cursos de graduação, presencial e a distância, da Universidade Federal do
Pampa},
  note   = {Disponível em: \url{https://sites.unipampa.edu.br/proext/files/2021/05/res-317_2021-politica-de-extensao.pdf}},
  year   = {2021},
}

@Unpublished{PDI-Unipampa:2019-2023,
  author = {UNIPAMPA},
  title  = {Resolução n\textordmasculine~246 de 27 de junho de 2019. Dispõe sobre o Plano de Desenvolvimento Institucional da Unipampa.},
  note   = {Disponível em: \url{https://sites.unipampa.edu.br/consuni/files/2020/06/resolucao-246_2019-pdi-2019-2023.pdf}},
  year   = {2019},
}

@Unpublished{unipampacidada,
  author = {UNIPAMPA},
  title  = {Instrução Normativa Nº 18. Normativas do Programa Institucional "UNIPAMPA Cidadã"},
  note   = {Disponível em: \url{https://sites.unipampa.edu.br/proext/files/2021/08/sei_unipampa-0585474-instrucao-normativa-gr-unipampa-cidada.pdf}},
  year   = {2021},
}

@book{Prodanov:2013,
  title={Metodologia do trabalho cient{\'\i}fico: m{\'e}todos e t{\'e}cnicas da pesquisa e do trabalho acad{\^e}mico-2{\textordfeminine} Edi{\c{c}}{\~a}o},
  author={Prodanov, Cleber Cristiano and de Freitas, Ernani Cesar},
  year={2013},
  publisher={Editora Feevale}
}

@Unpublished{politicaNacional,
  author = {FORPROEX},
  title  = {Política Nacional de Extensão Universitária},
  note   = {Disponível em: \url{https://www.ufmg.br/proex/renex/images/documentos/2012-07-13-Politica-Nacional-de-Extensao.pdf}},
  year   = {2012},
}

@conference{referenciaisPolitica,
  author       = {FOREXT}, 
  title        = {Referenciais para a construção de uma Política Nacional de Extensão nas ICES},
  booktitle    = {Extensão Nas Instituições Comunitárias De Ensino Superior},
  year         = 2013,
  editor       = {Editora UNIVALI},
  pages        = 64,
  organization = {UNIVALI},
  publisher    = {XX Encontro Nacional de Extensão e Ação Comunitária das Universidades e Instituições Comunitárias},
  note   = {Disponível em: \url{http://www1.pucminas.br/imagedb/documento/DOC_DSC_NOME_ARQUI20150309182334.pdf}},
}

@Unpublished{ministerioSuperiorExtensao,
  author = {MINISTÉRIO DA EDUCAÇÃO CONSELHO NACIONAL DE EDUCAÇÃO CÂMARA DE EDUCAÇÃO SUPERIOR},
  title  = {RESOLUÇÃO Nº 7, DE 18 DE DEZEMBRO DE 2018. Estabelece as Diretrizes para a Extensão na Educação Superior Brasileira e regimenta o disposto na Meta 12.7 da Lei nº 13.005/2014, que aprova o Plano Nacional de Educação - PNE 2014-2024 e dá outras providências},
  note   = {Disponível em: \url{http://portal.mec.gov.br/index.php?option=com_docman&view=download&alias=104251-rces007-18&category_slug=dezembro-2018-pdf&Itemid=30192}},
  year   = {2018},
}

@article{pingping_yulan_2013, 
  title   = {Study of Scientific Research Quality Monitoring System based on control theory},
  DOI     = {10.1109/iciii.2013.6703179}, 
  journal = {2013 6th International Conference on Information Management, Innovation Management and Industrial Engineering}, 
  author  = {Pingping, Xiao and Yulan, Wang}, 
  year    = {2013}
} 

@article{Viero, 
  title   = {Programa de extensão universitária: perspectivas emergentes na educação em ciências.},
  author  = {VIERO, Tatiane Vedoin}, 
  journal = {Dissertação de Mestrado (Programa de Pós-Graduação em Educação em Ciências: Química da Vida e Saúde)},
  organization = {Instituto de Educação, Universidade Federal do Rio Grande},
  year    = {2012}
} 

@article{dampier_wilson,
  title   = {Teaching scientific method for real-time software engineering},
  year    = {2000},
  DOI     = {10.1109/csee.2000.827045}, 
  journal = {Thirteenth Conference on Software Engineering Education and Training},
  author  = {Dampier, D.A. and Wilson, R.E.}
} 

@unpublished{relatorio-2021,
  author = {UNIPAMPA},
  title  = {Prestação de contas de 2021},
  note   = {Disponível em: \url{https://web.archive.org/web/20220328201547/https://sites.unipampa.edu.br/proext/files/2022/03/prestacao_de_contas_2021.pdf}},
  year   = {2021}
}

@misc{JEDI,
  author = {Programa JEDI},
  title = {Programa JEDI},
  year = {2022},
  howpublished={\url{https://eventos.unipampa.edu.br/programajedi}}
}

@misc{siteProcessos,
  author = {UNIPAMPA},
  title = {Documentos Extensionistas},
  year = {2022},
  howpublished={\url{https://sites.unipampa.edu.br/proext/documentos/documentos-e-fluxos/}}
}

@techreport{kasunic2005designing,
  title={Designing an effective survey},
  author={Kasunic, Mark},
  year={2005},
  institution={Carnegie-Mellon Univ Pittsburgh PA Software Engineering Inst}
}

@article{Jefferson,
    author = {Moll{\'{e}}ri, J.S.  and Petersen, K. and Mendes E.},
	DOI  = {10.1016/j.infsof.2019.106240},
	year = {2020},
	title = {An empirically evaluated checklist for surveys in software engineering},
	journal = {Information and Software Technology}
}

@techreport{surveyGuidelines,
    author = {Linåker, Johan and Sulaman, Sardar and Höst, Martin and de Mello, Rafael},
    year = {2015},
    title = {Guidelines for Conducting Surveys in Software Engineering},
    institution={Lund University}
}

@book{LMRea,
  author=  {L. M. Rea and R. A. Parker},
  title = {Designing and conducting survey research: a comprehensive guide},
  year = {2005},
  edition = {3},
  publisher = {San Francisco: Jossey-Bass Publishers}
}

@techreport{legramante,
    author = {G. L. Martins},
	year = {2021},
	title = {Towards a Performance Testing Body of Knowledge (PTBOK)},
	institution={Universidade Federal do Pampa}
}

@article{forza,
    author = {Forza, C.},
	DOI  = {10.1108/01443570210414310},
	year = {2002},
	title = {Survey research in operations management: a process-based perspective},
	journal={International Journal of Operations & Production Management},
	volume = {22},
	pages={152-194}
}

@INPROCEEDINGS{Lenarduzzi:2016,  
  author={Lenarduzzi, Valentina and Taibi, Davide},  
  booktitle={42th Euromicro Conference on Software Engineering and Advanced Applications (SEAA)},
  title={MVP Explained: A Systematic Mapping Study on the Definitions of Minimal Viable Product}, 
  year={2016},
  pages={112--119},
  doi={10.1109/SEAA.2016.56}
}

@article{nidhra2012black,
  title   = {Black box and white box testing techniques-a literature review},
  author  = {Nidhra, Srinivas and Dondeti, Jagruthi},
  journal = {International Journal of Embedded Systems and Applications (IJESA)},
  volume  = {2},
  number  = {2},
  pages   = {29--50},
  year    = {2012}
}

@article{godin2015applying,
  title     = {Applying systematic review search methods to the grey literature: a case study examining guidelines for school-based breakfast programs in Canada},
  author    = {Godin, Katelyn and Stapleton, Jackie and Kirkpatrick, Sharon I and Hanning, Rhona M and Leatherdale, Scott T},
  journal   = {Systematic reviews},
  volume    = {4},
  number    = {1},
  pages     = {1--10},
  year      = {2015},
  publisher = {BioMed Central}
}

@article{das2013sistema,
  title   = {Sistema Integrado de Gest{\~a}o de Atividades Acad{\^e}micas SIGAA--M{\'o}dulo Biblioteca: uma oportunidade de retomar a credibilidade da comunidade acad{\^e}mica com a efetiva{\c{c}}{\~a}o da gest{\~a}o do Sistema de Bibliotecas da Universidade Federal da Para{\'\i}ba},
  author  = {das Gra{\c{c}}as Vieira, Maria and Machado, F{\'a}bio Firmino},
  journal = {RDBCI: Revista Digital de Biblioteconomia e Ci{\^e}ncia da Informa{\c{c}}{\~a}o},
  volume  = {11},
  number  = {2},
  pages   = {159--175},
  year    = {2013}
}

@article{iung2020systematic,
  title     = {Systematic mapping study on domain-specific language development tools},
  author    = {Iung, An{\'\i}bal and Carbonell, Jo{\~a}o and Marchezan, Luciano and Rodrigues, Elder and Bernardino, Maicon and Basso, Fabio Paulo and Medeiros, Bruno},
  journal   = {Empirical Software Engineering},
  volume    = {25},
  number    = {5},
  pages     = {4205--4249},
  year      = {2020},
  publisher = {Springer}
}

@article{joshi2015likert,
  title     = {Likert scale: Explored and explained},
  author    = {Joshi, Ankur and Kale, Saket and Chandel, Satish and Pal, D Kumar},
  journal   = {British journal of applied science \& technology},
  volume    = {7},
  number    = {4},
  pages     = {396},
  year      = {2015},
  publisher = {SCIENCEDOMAIN International}
}

@article{waters2009prioritization,
  title   = {Prioritization using moscow},
  author  = {Waters, Kelly},
  journal = {Agile Planning},
  volume  = {12},
  pages   = {31},
  year    = {2009}
}