@misc{Resolucao-MEC:2018,
  author = {MEC},
  title  = {Resolução N\textordmasculine~7. Estabelece as Diretrizes para a Extensão na Educação Superior Brasileira},
  url    = {https://normativasconselhos.mec.gov.br/normativa/view/CNE_RES_CNECESN72018.pdf?query=revogacao},
  year   = {2018}
}

@misc{Resolucao-332:2021,
  author       = {PROEXT},
  title        = {Resolução N\textordmasculine~332. Revoga a Resolução CONSUNI/UNIPAMPA nº
                  104, de 27 de agosto de 2015 e Institui as Normas para Atividades de Extensão e Cultura da Universidade Federal do Pampa.
                  },
  url          = {https://sites.unipampa.edu.br/proext/files/2021/12/sei_unipampa-0700488-resolucao-consuni.pdf},
  year         = {2021},
  howpublished = {Universidade Federal do Pampa}
}

@misc{res317,
  author = {UNIPAMPA},
  title  = {Resolução CONSUNI/UNIPAMPA N\textordmasculine~317. Regulamenta a inserção das atividades de
            extensão nos cursos de graduação, presencial
            e a distância, da Universidade Federal do
            Pampa},
  url    = {https://sites.unipampa.edu.br/proext/files/2021/05/res-317_2021-politica-de-extensao.pdf},
  year   = {2021}
}

@misc{PDI-Unipampa:2019-2023,
  author = {UNIPAMPA},
  title  = {Resolução N\textordmasculine~246 de 27 de junho de 2019. Dispõe sobre o Plano de Desenvolvimento Institucional da Unipampa.},
  url    = {https://sites.unipampa.edu.br/consuni/files/2020/06/resolucao-246_2019-pdi-2019-2023.pdf},
  year   = {2019}
}

@misc{unipampacidada,
  author = {UNIPAMPA},
  title  = {Instrução Normativa N\textordmasculine~18. Normativas do Programa Institucional "UNIPAMPA Cidadã"},
  url    = {https://sites.unipampa.edu.br/proext/files/2021/08/sei_unipampa-0585474-instrucao-normativa-gr-unipampa-cidada.pdf},
  year   = {2021}
}

@book{Prodanov:2013,
  title     = {Metodologia do trabalho cient{\'{i}}fico: m{\'e}todos e t{\'e}cnicas da pesquisa e do trabalho acad{\^e}mico-2{\textordfeminine} Edi{\c{c}}{\~a}o},
  author    = {Prodanov, Cleber Cristiano and de Freitas, Ernani Cesar},
  year      = {2013},
  publisher = {Editora Feevale}
}

@misc{politicaNacional,
  author       = {FORPROEX},
  title        = {Política Nacional de Extensão Universitária},
  url          = {https://www.ufmg.br/proex/renex/images/documentos/2012-07-13-Politica-Nacional-de-Extensao.pdf},
  howpublished = {Universidade Federal de Minas Gerais},
  year         = {2012}
} 

@conference{referenciaisPolitica,
  author       = {FOREXT},
  title        = {Referenciais para a construção de uma Política Nacional de Extensão nas ICES},
  booktitle    = {Extensão Nas Instituições Comunitárias De Ensino Superior},
  year         = 2013,
  editor       = {Editora UNIVALI},
  pages        = 64,
  organization = {UNIVALI},
  publisher    = {XX Encontro Nacional de Extensão e Ação Comunitária das Universidades e Instituições Comunitárias},
  url          = {http://www1.pucminas.br/imagedb/documento/DOC_DSC_NOME_ARQUI20150309182334.pdf},
  address      = {Brazil}
}

@misc{ministerioSuperiorExtensao,
  author       = {MINIST{\'{E}}RIO DA EDUCAÇÃO CONSELHO NACIONAL DE EDUCAÇÃO CÂMARA DE EDUCAÇÃO SUPERIOR},
  title        = {RESOLUÇÃO Nº 7, DE 18 DE DEZEMBRO DE 2018. Estabelece as Diretrizes para a Extensão na Educação Superior Brasileira e regimenta o disposto na Meta 12.7 da Lei nº 13.005/2014, que aprova o Plano Nacional de Educação - PNE 2014-2024 e dá outras providências},
  url          = {http://portal.mec.gov.br/index.php?option=com_docman&view=download&alias=104251-rces007-18&category_slug=dezembro-2018-pdf&Itemid=30192},
  howpublished = {Minist{\'{e}}rio da Educação},
  year         = {2018}
}

@article{pingping_yulan_2013, 
  title   = {Study of Scientific Research Quality Monitoring System based on control theory},
  DOI     = {10.1109/iciii.2013.6703179}, 
  journal = {2013 6th International Conference on Information Management, Innovation Management and Industrial Engineering}, 
  author  = {Pingping, Xiao and Yulan, Wang}, 
  year    = {2013}
} 

@article{Viero,
  title        = {Programa de extensão universitária: perspectivas emergentes na educação em ciências.},
  author       = {Viero, Tatiane Vedoin},
  journal      = {Dissertação de Mestrado (Programa de Pós-Graduação em Educação em Ciências: Química da Vida e Saúde)},
  organization = {Instituto de Educação, Universidade Federal do Rio Grande},
  year         = {2012}
} 

@article{dampier_wilson,
  title   = {Teaching scientific method for real-time software engineering},
  year    = {2000},
  DOI     = {10.1109/csee.2000.827045}, 
  journal = {Thirteenth Conference on Software Engineering Education and Training},
  author  = {Dampier, D.A. and Wilson, R.E.}
} 

@misc{relatorio-2021,
  author       = {PROEXT},
  title        = {Prestação de contas de 2021},
  url          = {https://sites.unipampa.edu.br/proext/files/2022/03/prestacao_de_contas_2021.pdf},
  howpublished = {Universidade Federal do Pampa},
  year         = {2021}
}

@misc{JEDI,
  author       = {Programa JEDI},
  title        = {Programa JEDI},
  year         = {2022},
  howpublished = {Universidade Federal do Pampa},
  url          = {https://eventos.unipampa.edu.br/programajedi/}
}

@misc{siteProcessos,
  author       = {PROEXT},
  title        = {Documentos Extensionistas},
  year         = {2022},
  url          = {https://sites.unipampa.edu.br/proext/documentos/documentos-e-fluxos},
  howpublished = {Universidade Federal do Pampa}
} 

@misc{nestDocs,
  author       = {Kamil Mysliwiec},
  title        = {Nest Documentation},
  year         = {2022},
  url          = {https://docs.nestjs.com/}
}

@techreport{kasunic2005designing,
  title       = {Designing an effective survey},
  author      = {Kasunic, Mark},
  year        = {2005},
  institution = {Carnegie-Mellon Univ Pittsburgh PA Software Engineering Inst}
}

@article{Jefferson,
  author  = {Moll{\'{e}}ri, J.S.  and Petersen, K. and Mendes E.},
  doi     = {10.1016/j.infsof.2019.106240},
  year    = {2020},
  title   = {An empirically evaluated checklist for surveys in software engineering},
  journal = {Information and Software Technology}
}

@techreport{surveyGuidelines,
  author      = {Linåker, Johan and Sulaman, Sardar and Höst, Martin and de Mello, Rafael},
  year        = {2015},
  title       = {Guidelines for Conducting Surveys in Software Engineering},
  institution = {Lund University}
}

@article{garousi2019guidelines,
  title     = {Guidelines for including grey literature and conducting multivocal literature reviews in software engineering},
  author    = {Garousi, Vahid and Felderer, Michael and M{\"a}ntyl{\"a}, Mika V},
  journal   = {Information and Software Technology},
  volume    = {106},
  pages     = {101--121},
  year      = {2019},
  publisher = {Elsevier}
}

@book{LMRea,
  author    = {L. M. Rea and R. A. Parker},
  title     = {Designing and conducting survey research: a comprehensive guide},
  year      = {2005},
  edition   = {3},
  publisher = {San Francisco: Jossey-Bass Publishers}
}

@techreport{legramante,
  author      = {G. L. Martins},
  year        = {2021},
  title       = {Towards a Performance Testing Body of Knowledge (PTBOK)},
  institution = {Universidade Federal do Pampa}
}

@article{forza,
  author  = {Forza, C.},
  doi     = {10.1108/01443570210414310},
  year    = {2002},
  title   = {Survey research in operations management: a process-based perspective},
  journal = {International Journal of Operations and Production Management},
  volume  = {22},
  pages   = {152-194}
}

@article{nidhra2012black,
  title   = {Black box and white box testing techniques-a literature review},
  author  = {Nidhra, Srinivas and Dondeti, Jagruthi},
  journal = {International Journal of Embedded Systems and Applications (IJESA)},
  volume  = {2},
  number  = {2},
  pages   = {29--50},
  year    = {2012}
}

@article{godin2015applying,
  title     = {Applying systematic review search methods to the grey literature: a case study examining guidelines for school-based breakfast programs in Canada},
  author    = {Godin, Katelyn and Stapleton, Jackie and Kirkpatrick, Sharon I and Hanning, Rhona M and Leatherdale, Scott T},
  journal   = {Systematic reviews},
  volume    = {4},
  number    = {1},
  pages     = {1--10},
  year      = {2015},
  publisher = {BioMed Central}
}

@article{das2013sistema,
  title   = {Sistema Integrado de Gest{\~a}o de Atividades Acad{\^e}micas SIGAA--M{\'o}dulo Biblioteca: uma oportunidade de retomar a credibilidade da comunidade acad{\^e}mica com a efetiva{\c{c}}{\~a}o da gest{\~a}o do Sistema de Bibliotecas da Universidade Federal da Para{\'\i}ba},
  author  = {das Gra{\c{c}}as Vieira, Maria and Machado, F{\'a}bio Firmino},
  journal = {RDBCI: Revista Digital de Biblioteconomia e Ci{\^e}ncia da Informa{\c{c}}{\~a}o},
  volume  = {11},
  number  = {2},
  pages   = {159--175},
  year    = {2013}
}

@article{iung2020systematic,
  title     = {Systematic mapping study on domain-specific language development tools},
  author    = {Iung, An{\'\i}bal and Carbonell, Jo{\~a}o and Marchezan, Luciano and Rodrigues, Elder and Bernardino, Maicon and Basso, Fabio Paulo and Medeiros, Bruno},
  journal   = {Empirical Software Engineering},
  volume    = {25},
  number    = {5},
  pages     = {4205--4249},
  year      = {2020},
  publisher = {Springer}
}

@article{joshi2015likert,
  title     = {Likert scale: Explored and explained},
  author    = {Joshi, Ankur and Kale, Saket and Chandel, Satish and Pal, D Kumar},
  journal   = {British journal of applied science \& technology},
  volume    = {7},
  number    = {4},
  pages     = {396},
  year      = {2015},
  publisher = {SCIENCEDOMAIN International}
}

@article{waters2009prioritization,
  title   = {Prioritization using moscow},
  author  = {Waters, Kelly},
  journal = {Agile Planning},
  volume  = {12},
  pages   = {31},
  year    = {2009}
}

@article{puliafito_riccobene_scarpa, 
  title   ={Modelling of client-server systems}, 
  DOI     ={10.1109/mascot.1995.378666}, 
  journal ={MASCOTS '95. Proceedings of the Third International Workshop on Modeling, Analysis, and Simulation of Computer and Telecommunication Systems}, 
  year    ={1995},
  author  ={Puliafito, A. and Riccobene, S. and Scarpa, M.}
}

@misc{restApi,
  author       = {Ivan de Souza},
  title        = {Entenda o que \'{e} Rest API e a importância dele para o site da sua empresa},
  year         = {2020},
  url          = {https://rockcontent.com/br/blog/rest-api/}
}

@misc{prisma,
  author       = {Prisma},
  title        = {Prisma Documentation},
  year         = {2022},
  url          = {https://www.prisma.io/docs/}
}

@misc{gnugpl3,
  author = {Free Software Foundation},
  title  = {GNU General Public License v3.0},
  url    = {https://choosealicense.com/licenses/gpl-3.0/},
  year   = {2007}
}

@incollection{Bierman_2014,
	doi       = {10.1007/978-3-662-44202-9_11},
	url       = {https://doi.org/10.1007/978-3-662-44202-9_11},
	year      = {2014},
	publisher = {Springer Berlin Heidelberg},
	author    = {Gavin Bierman and Martn Abadi and Mads Torgersen},
	title     = {Understanding {TypeScript}},
	booktitle = {{ECOOP} 2014 Object-Oriented Programming}
}

@inproceedings{Wiphusitphunpol_2017,
	doi       = {10.1109/ecticon.2017.8096264},
	url       = {https://doi.org/10.1109/ecticon.2017.8096264},
	year      = {2017},
	month     = {jun},
	publisher = {{IEEE}},
	author    = {Witoon Wiphusitphunpol and Thitiporn Lertrusdachakul},
	title     = {Fetch performance comparison of object relational mapper in .{NET} platform},
	booktitle = {2017 14th International Conference on Electrical Engineering/Electronics, Computer, Telecommunications and Information Technology ({ECTI}-{CON})}
}

@book{ries2011lean,
  added-at  = {2015-04-22T12:45:14.000+0200},
  author    = {Ries, Eric},
  biburl    = {https://www.bibsonomy.org/bibtex/23a2bfaaebe64ff26fb7614a5e5e135d7/yish},
  interhash = {7f04a7d9e64ab6b9b5fc39728c67d60e},
  intrahash = {3a2bfaaebe64ff26fb7614a5e5e135d7},
  keywords  = {lean startup},
  publisher = {Random House LLC},
  timestamp = {2015-04-22T12:45:14.000+0200},
  title     = {The lean startup: How today's entrepreneurs use continuous innovation to create radically successful businesses},
  year      = {2011}
}

@article{Chen_2015,
	doi       = {10.4028/www.scientific.net/amm.764-765.877},
	url       = {https://doi.org/10.4028/www.scientific.net/amm.764-765.877},
	year      = 2015,
	month     = {may},
	publisher = {Trans Tech Publications, Ltd.},
	volume    = {764-765},
	pages     = {877--880},
	author    = {Shang Liang Chen and Yun Yao Chen and Suang Hong Kuo},
	title     = {Design of Cloud Load Balance Architecture for Web Servers},
	journal   = {Applied Mechanics and Materials}
}

@inproceedings{perera2017improve,
  title        ={Improve software quality through practicing DevOps},
  author       ={Perera, Pulasthi and Silva, Roshali and Perera, Indika},
  booktitle    ={2017 Seventeenth International Conference on Advances in ICT for Emerging Regions (ICTer)},
  pages        ={1--6},
  year         ={2017},
  organization ={IEEE}
}

@article{Shahin_2017,
	doi       = {10.1109/access.2017.2685629},
	url       = {https://doi.org/10.1109//access.2017.2685629},
	year      = 2017,
	publisher = {Institute of Electrical and Electronics Engineers ({IEEE})},
	volume    = {5},
	pages     = {3909--3943},
	author    = {Mojtaba Shahin and Muhammad Ali Babar and Liming Zhu},
	title     = {Continuous Integration, Delivery and Deployment: A Systematic Review on Approaches, Tools, Challenges and Practices},
	journal   = {{IEEE} Access}
}

@incollection{Lucassen_2016,
	doi       = {10.1007/978-3-319-30282-9_14},
	url       = {https://doi.org/10.1007/978-3-319-30282-9_14},
	year      = {2016},
	publisher = {Springer International Publishing},
	pages     = {205--222},
	author    = {Garm Lucassen and Fabiano Dalpiaz and Jan Martijn E. M. van der Werf and Sjaak Brinkkemper},
	title     = {The Use and Effectiveness of User Stories in Practice},
	booktitle = {Requirements Engineering: Foundation for Software Quality}
}

@misc{heroku,
  author       = {Heroku},
  title        = {Heroku Documentation},
  year         = {2022},
  howpublished = {\url{https://devcenter.heroku.com/}}
}

@inproceedings{Zvarevashe2014TheAO,
  title  = {The Anatomy of Platform as a Service (PaaS) in the Cloud: A Detailed Look into the Challenges},
  author = {Kudakwashe Zvarevashe and Nicholas N Karekwaivenane and Wilson Bakasa},
  year   = {2014}
}

@book{chacon2014pro,
  title     = {Pro Git},
  author    = {Chacon, Scott and Straub, Ben},
  year      = {2014},
  publisher = {Apress}
}
